@book{shmueli,
	author = {Shmueli, Galit and Patel, Nitin R. and Bruce, Peter C.},
	title = {Data Mining for Business Intelligence},
	publisher = {John  Wiley \& Sons},
	ISBN = {978-0-470-52682-8},
	year = {2010},
	type = {Book}
}

@misc{mld,
	title = {Machine Learning Database},
	note = {22.11.2015},
	url = {https://archive.ics.uci.edu/ml/machine-learning-databases/statlog/german/},
	year = {2015},
	type = {Web Page}
}
